@book{Programming_Massively,
	title     = "Programming Massively Parallel Processors",
	author    = "Wen-emi W.Hwu, David B.kirk, Izzat El Hajj",
	publisher = "Morgan Kaufmann",
	address = "50 Hampshire Street, 5th Floor, Cambridge, MA 02139, United States",
	edition = "4",
	year      = "2022",
}

@book{Learning_From_Data,
	title     = "Learning From Data",
	author    = "Yaser S. Abu-Mostafa, Malik Magdon-Ismail, Hsuan-Tien Lin",
	publisher = " ",
	address = "California Institute of Technology Pasadena, CA 91125, USA",
	edition = "1",
	year      = "2012",
}